@ARTICLE{ DECC,
AUTHOR="DECC",
TITLE="New Nuclear",
JOURNAL="http://www.decc.gov.uk/",
PUBLISHER="Department of Energy & Climate Change 2012",
ADDRESS="UK",
DATE = "30/10/2012",
YEAR= "2012",
}
@ARTICLE{ IEA,
AUTHOR="Faith Birol",
TITLE="Power to the People: The World Outlook for Electricity Investment",
JOURNAL="IEA Bulletin 46/1",
PUBLISHER="International Energy Agency of the Organisation for Economic Cooperation and Development",
URL = {http://www.iaea.org/Publications/Magazines/Bulletin/Bull461/power\_to\_the\_people.html},
Note = {[Online; accessed 30 December 2012]},
ADDRESS="Vienna",
YEAR= "2004", 
}
@ARTICLE{ RRHitachi,
AUTHOR="Rolls-Royce",
TITLE="Rolls-Royce to support Hitachi on UK new build programme",
URL="http://www.rolls-royce.com/energy/nuclear/news",
PUBLISHER= "Rolls-Royce",
ADDRESS="Derby",
DATE= "30/10/2012",
YEAR= "2012",
 }
@ARTICLE{ CATAPULT,
AUTHOR="Catapult",
TITLE="HMV catapult Centers",
JOURNAL="https://catapult.innovateuk.org/",
PUBLISHER= "UK Government",
URL="https://catapult.innovateuk.org/",
Note= "[Online; accessed 01 December 2012]",
YEAR= "2012",
 }
@ARTICLE{ NAMRC,
AUTHOR="NAMRC",
TITLE="Nuclear Advanced Manufacturing Research Centre",
JOURNAL="http://namrc.co.uk",
PUBLISHER= "University of Sheffield, University of Manchester Dalton Institure",
URL="http://namrc.co.uk",
Note= "[Online; accessed 01 December 2012]",
YEAR= "2012" ,
}
@ARTICLE{ WNA,
AUTHOR="WNA",
TITLE="World Nuclear Association",
JOURNAL="http://www.world-nuclear.org/",
PUBLISHER= "WNA",
ADDRESS="http://www.world-nuclear.org/",
DATE= "01/12/2012",
YEAR= "2012",
 }
@Article{ F4N,
AUTHOR="F4N",
TITLE="Fit For Nuclear",
JOURNAL="http://namrc.co.uk/work-with-us/f4n/",
PUBLISHER="Nuclear AMRC",
ADDRESS="http://namrc.co.uk/work-with-us/f4n/",
DATE="29/11/2012",
YEAR="2012",
}
@ARTICLE{ DALTON,
AUTHOR="Dalton Institute, University of Manchester",
TITLE="http://www.dalton.manchester.ac.uk/",
JOURNAL="http://www.dalton.manchester.ac.uk/",
PUBLISHER= "Dalton Institure",
ADDRESS="http://www.dalton.manchester.ac.uk/",
DATE= "10/12/2012",
YEAR= "2012",
}
@ARTICLE{ AMRC,
AUTHOR="AMRC",
TITLE="Advanced Manufacturing Research Centre with Boeing",
JOURNAL="http://amrc.co.uk",
PUBLISHER= "University of Sheffield",
ADDRESS="http://amrc.co.uk",
DATE= "17/12/2012",
YEAR= "2012" ,
}
@ARTICLE{ ERDF,
AUTHOR="EURDF",
TITLE="European Union Regional Develpoment Fund",
JOURNAL="http://ec.europa.eu",
PUBLISHER= "European Union",
ADDRESS="http://ec.europa.eu/",
DATE= "17/12/2012",
YEAR= "2012",
}
@Misc{BIS,
Author = {UK-Gov},
title = {Department for Business Innovation \& Skills},
url ={https://www.gov.uk/government/organisations/department-for-business-innovation-skills},
Note = {[Online; accessed 16/01/2013]},
Year = {2012},
}
@Book{Slack,
Author = {N. Slack, S. Chambers, R. Johnson},
title = {Operations Management},
publisher = {Prentice Hall, Financial Times},
year = {2007},
OPTedition = {5th},
}
@MISC{ TSB,
AUTHOR="TSB",
TITLE="Technology Strategy Board",
PUBLISHER= "UK Government",
url ="http://www.innovateuk.org/",
NOTE= "[Online; accessed 01 December 2012]",
YEAR= "2012",
 }
@MISC{ GDA,
AUTHOR="HSE",
TITLE="General Design Assessments",
PUBLISHER= "Health \& Safety Executive",
url ="http://www.hse.gov.uk/newreactors/",
NOTE= "[Online; accessed 30 March 2013]",
YEAR= "2013",
 }
@MISC{ ASME,
AUTHOR="ASME",
TITLE="Boiler and Pressure Vessel Code 2013 Edition",
PUBLISHER= "American Society for Mechanical Engineers",
url ="http://www.asme.org/kb/standards/bpvc-resources/boiler-and-pressure-vessel-code---2013-edition",
NOTE= "[Online; accessed 30 March 2013]",
YEAR= "2013"
 }
 @Unpublished{brougham,
 author = {J. Brougham},
 title = {Rolls-Royce - Research Intern},
 note = {per comm ``Discussion on scheduling''},
 month = {February},
 Year = {2013}
 }
 @Unpublished{marples,
 author = {T. Marples},
 title = {EDF - Research Engineer},
 note = {per comm ``Discussion on target reporting''},
 Month = {February},
 Year = {2013}
 } 
 @Unpublished{rwscott,
 author = {R. Scott},
 title = {AMRC - Head of VR},
 note = {per comm ``Discussion on induction processes''},
 Month = {January},
 Year = {2013}
 } 
 @article{hayes,
title = "Competing through manufacturing",
journal = "Harvard Business review",
pages = "99-109",
year = "1985",
url = {http://hbr.org/1985/01/competing-through-manufacturing/ar/1},
author = {S.C Wheelwright, R.H Hayes}
 }
@ARTICLE{ GOV1,
AUTHOR="Gov.UK",
TITLE="Goverment and Industry Unite Behind Industrial Strategy to Help British Businesses Grow",
JOURNAL="Press Release",
PUBLISHER= "Department of Business, Innovation \& Skills adn Cabinet Office",
url="https://www.gov.uk/government/news/government-and-industry-unite-behind-industrial-strategy-to-help-british-businesses-grow",
NOTE= "[Online; accessed 11 September 2013]",
DATE= "11/09/2013",
YEAR= "2013",
}
@ARTICLE{ sutherland1968head,
title={A head-mounted three dimensional display},
author={Sutherland, Ivan E},
book={Proceedings of the December 9-11, 1968, fall joint computer conference, part I},
pages={757--764},
year={1968},
organization={ACM},
}
 @ARTICLE{ FlockBird,
AUTHOR="AscensionTech",
TITLE="Flock of Birds motion tracking",
PUBLISHER= "Razor3D",
url="http://www.razor3d.co.kr/pds/intersense/Flock\%20of\%20Birds.htm",
NOTE= "[Online; accessed 11 September 2013]",
DATE= "11/09/2013",
YEAR= "2013",
}
  @MISC{ Oculus,
AUTHOR="OculusVR",
TITLE="Oculus Rift",
url ="http://www.oculusvr.com/",
NOTE= "[Online; accessed 11 September 2013]",
YEAR= "2013"
 }
   @MISC{ RazorHydra,
AUTHOR="RazorOne",
TITLE="Razor Hydra Controller",
url ="http://www.razerzone.com/gb-en/gaming-controllers/razer-hydra/",
NOTE= "[Online; accessed 11 September 2013]",
YEAR= "2013"
 }
    @MISC{ ONS,
AUTHOR="Gov.UK",
TITLE="Office of National Statistics",
url ="http://www.statistics.gov.uk/hub/index.html",
NOTE= "[Online; accessed 11 September 2013]",
YEAR= "2013"
 }
         @MISC{ autodesk,
AUTHOR="Patricia",
TITLE="Autodesk Help ",
url ="http://www.autodesk.com/",
NOTE= "[Per Comms; accessed 10 September 2013]",
YEAR= "2013"
 }
          @MISC{ unity3d,
AUTHOR="Unity3D",
TITLE="Unity 3D engine Pro",
url ="https://store.unity3d.com/",
NOTE= "[Accessed; accessed 10 September 2013]",
YEAR= "2013"
 }
          @MISC{ freeman,
AUTHOR="Chris Freeman",
TITLE="Nuclear AMRC VR dept",
url ="http://namrc.co.uk",
NOTE= "[Per Comms; accessed 10 September 2013]",
YEAR= "2013"
}
   @MISC{ RR-MotorHistory,
AUTHOR="BMW-AG",
TITLE="Rolls-Royce Motor Cars History",
url ="http://www.rolls-roycemotorcars.com/history/",
NOTE= "[Online; accessed 17 October 2013]",
YEAR= "2013"
 }
   @MISC{ RRpeople,
AUTHOR="Rolls-Royce",
TITLE="Rolls-Royce Engaging our people",
url ="http://www.rolls-royce.com/sustainability/people/engaging_our_people.jsp",
NOTE= "[Online; accessed 17 October 2013]",
YEAR= "2013"
 }
   @MISC{ RRcountry,
AUTHOR="Rolls-Royce",
TITLE="Rolls-Royce Country sites",
url ="http://www.rolls-royce.com/country",
NOTE= "[Online; accessed 17 October 2013]",
YEAR= "2013"
 }
     @MISC{ RRservices,
AUTHOR="Rolls-Royce",
TITLE="Rolls-Royce Corporate Care",
url ="http://www.rolls-royce.com/civil/services/corporatecare/",
NOTE= "[Online; accessed 17 October 2013]",
YEAR= "2013"
 }
      @MISC{ RR-PbyH,
AUTHOR="Rolls-Royce",
TITLE="Rolls-Royce Press Release",
url ="http://www.rolls-royce.com/news/press_releases/2012/121030_the_Hour.jsp",
NOTE= "[Online; accessed 17 October 2013]",
DATE= "30/10/2012",
YEAR= "2013"
 }
   @MISC{ RRFT,
AUTHOR="ft.com",
TITLE="Rolls-Royce Holds PLC financial statements",
url ="http://markets.ft.com/research/Markets/Tearsheets/Financials?s=RR.:LSE&subview=Overview",
NOTE= "[Online; accessed 17 October 2013]",
YEAR= "2013"
 }
@ARTICLE{ RRannual,
AUTHOR="Rolls-Royce",
TITLE="Rolls-Royce Holdings plc annual report 2012",
JOURNAL="Press Release",
PUBLISHER= "Rolls-Royce PLC",
url="http://www.rolls-royce.com/Images/rolls\_royce\_annual\_report\_2012\_tcm92-44211.pdf",
NOTE= "[Online; accessed 17 October 2013]",
DATE= "01/09/2013",
YEAR= "2012",
}
@ARTICLE{ RRhalf,
AUTHOR="Rolls-Royce",
TITLE="Rolls-Royce Holdings plc Half Year Results 2013",
JOURNAL="Press Release",
PUBLISHER= "Rolls-Royce PLC",
url="http://www.rolls-royce.com/Images/2013_half_year_appendices_data_pack_tcm92-50022.pdf",
NOTE= "[Online; accessed 17 October 2013]",
DATE= "01/09/2013",
YEAR= "2013",
}
@ARTICLE{ RRflyHigh,
AUTHOR="Christopher Hosford",
TITLE="Rolls Royce is Flying High",
JOURNAL="incentivemag.com",
PUBLISHER= "Incentive Magazine",
url="http://www.incentivemag.com/News/Industry/Articles/Rolls-Royce-is-Flying-High/",
NOTE= "[Online; accessed 17 October 2013]",
DATE= "10/12/2007",
YEAR= "2007",
}
@ARTICLE{ RRInt,
AUTHOR="HR-dept.",
TITLE="Rolls-Royce Internal HR document",
PUBLISHER= "Rolls-Royce PLC",
url="RR-Intranet",
NOTE= "[Online; accessed 23 October 2013]",
DATE= "23/10/2013",
YEAR= "2013",
}
   @MISC{ stockchallenge,
AUTHOR="StockChallenge",
TITLE="FTSE All-Share Index Ranking",
url ="http://www.stockchallenge.co.uk/ftse.php",
NOTE= "[Online; accessed 17 October 2013]",
DATE = "11/09/2013",
YEAR= "2013",
 }
    @MISC{ UniConsulAlliance,
AUTHOR="Robert Bullock and Scontrino Powell",
TITLE="What is Employee Involvement?",
url ="http://www.washington.edu/admin/hr/pod/leaders/orgdev/alliance/articles/EmployeeInvolvement-ScontrinoPowell.pdf",
NOTE= "[Online; accessed 23 October 2013]",
DATE = "07/04/2013",
YEAR= "2013",
 }
  @MISC{ Melcrum,
AUTHOR="Linda Dulye and David Grossman and Tony Quinlan and Caryn Vanstone",
TITLE="Essential techniqes for employee engagement",
PUBLISHER="Melcrum",
url ="RR-Intranet",
NOTE= "[Online; accessed 17 October 2013]",
DATE = "07/04/2007",
YEAR= "2008",
 }
   @MISC{ TomBrown,
AUTHOR="Ellie Rich",
TITLE="Interview with HR Director Rolls-Royce Tom Brown",
url ="www.michaelpage.co.uk/mediabank/RollsRoyce_Interview.pdf",
NOTE= "[Online; accessed 17 October 2013]",
DATE = "07/04/2008",
YEAR= "2008",
 }
 @book{kular2008employee,
  title={Employee engagement: a literature review},
  author={Kular, Sandeep and Gatenby, Mark and Rees, Chris and Soane, Emma and Truss, Katie},
  year={2008},
  publisher={Kingston Business School, Kingston University}
}
@book{ Truss,
AUTHOR="Katie Truss and Emma Soane and Christine Yvonne Edwards and Karen Wisdom and Andrew Croll and Jamie Burnett",
TITLE="Working life: employee attitudes and engagement",
PUBLISHER="Chartered Institute of Personnel and Development",
YEAR="2006",
}
@article{ Kahn1990,
AUTHOR="W A Kahn",
YEAR="1990",
Publisher="Academy of Management Journal",
PAGES="692-724",
Volume="33",
Title="Psychological conditions of personal engagement and disengagement at
work",
}
@MISC{ gallup,
AUTHOR="Gallup",
YEAR="2004",
url="http:\\www.gallup.com",
NOTE="[Online; accessed 17 October 2013]",
}
@article{frank2004,
  title={The race for talent: retaining and engaging workers in the 21st century},
  author={Fredric D Frank and Richard P Finnegan and Craig R Taylor},
  journal={Human Resource Planning},
  volume={27},
  number={3},
  pages={12--25},
  year={2004},
  publisher={HUMAN RESOURCE PLANNING SOCIETY}
}
@article{robinson2004,
  title={The drivers of employee engagement},
  author={Robinson, Dilys and Perryman, Sarah and Hayday, Sue},
  journal={REPORT-INSTITUTE FOR EMPLOYMENT STUDIES},
  year={2004},
  publisher={Institute for Employment Studies}
}
@article{holbeche2004,
  title={In search of meaning at work},
  author={Holbeche, Linda and Springett, Nigel},
  journal={Roffey Park Institute, Horsham},
  year={2004}
}
@article{harter2003,
  title={Well-being in the workplace and its relationship to business outcomes: A review of the Gallup studies},
  author={Harter, James K and Schmidt, Frank L and Keyes, Corey LM},
  journal={Flourishing: Positive psychology and the life well-lived},
  volume={2},
  pages={205--224},
  year={2003}
}
@book{purcell2003,
  title={Understanding the people and performance link: unlocking the black box},
  author={Purcell, John},
  year={2003},
  publisher={CIPD Publishing}
}
@article{konrad2006,
  title={Engaging employees through high-involvement work practices},
  author={Konrad, Alison M},
  journal={Ivey Business Journal},
  volume={70},
  number={4},
  pages={1--6},
  year={2006},
  publisher={Guilford Press}
}
@article{robinson2006,
  title={Human Resource management in organisations},
  author={Robinson, Izabella},
  journal={London, CIPD},
  year={2006}
}
@Article{Reddish,
Journal="Human Resources at Rolls-Royce",
Author="Mark Reddish",
YEAR="2013",
Title="ex-HR Director Rolls-Royce Services Development",
NOTE="[Interview] (Personal Communication, 15 October )",
}
@Article{Lamb,
Journal="Human Resources at Rolls-Royce",
Author="Ade Lamb",
YEAR="2013",
Title="Factory Design and Layout Lead Civil Nuclear Manufacturing",
NOTE="[Interview] (Personal Communication, 15 October )",
}
@article{dulye1993,
  title={Toward better two-way: why communications process improvement represents the right response during uncertain times},
  author={Dulye, Linda M},
  journal={Professional Communication, IEEE Transactions on},
  volume={36},
  number={1},
  pages={24--29},
  year={1993},
  publisher={IEEE}
}
@article{cufaude2004,
  title={Are your employees highly engaged},
  author={Cufaude, J and Lanphear, S},
  journal={Credit Union Executive Newsletter},
  volume={19},
  pages={1--2},
  year={2004}
}
@article{cropanzano2005,
  title={Social exchange theory: An interdisciplinary review},
  author={Cropanzano, Russell and Mitchell, Marie S},
  journal={Journal of Management},
  volume={31},
  number={6},
  pages={874--900},
  year={2005},
  publisher={Sage Publications}
}
@ARTICLE{ RRInt2,
AUTHOR="Lisa Gozzard",
TITLE="Rolls-Royce Internal HR document",
PUBLISHER= "Rolls-Royce PLC",
url="RR-Intranet",
NOTE= "[Online; accessed 23 October 2013]",
DATE= "10/05/2012",
YEAR= "2012",
}
@article{seligman2005,
  title={Positive psychology progress: empirical validation of interventions.},
  author={Seligman, Martin EP and Steen, Tracy A and Park, Nansook and Peterson, Christopher},
  journal={American psychologist},
  volume={60},
  number={5},
  pages={410},
  year={2005},
  publisher={American Psychological Association}
}
@ARTICLE{ RRInt3,
AUTHOR="Paul Craig",
TITLE="Rolls-Royce Internal HR document",
PUBLISHER= "Rolls-Royce PLC",
url="RR-Intranet",
NOTE= "[Online; accessed 23 October 2013]",
DATE= "11/07/2009",
YEAR= "2009",
}
@article{Lloyds2004,
  title={Offer empowerment to encourage engagement},
  author={Lloyd, J},
  journal={Triangle Business Journal},
  volume={15},
  number={1},
  pages={19},
  year={2004}
}
@article{macdonald2002,
  title={How companies can find renewed focus during uncertain times},
  author={MacDonald, Maril},
  journal={Journal of Communication Management},
  volume={6},
  number={3},
  pages={220--226},
  year={2002},
  publisher={MCB UP Ltd}
}